@book{bringhurst1996elements,
  title     = {The Elements of Typographic Style},
  author    = {Robert Bringhurst},
  year      = {1996},
  publisher = {Hartley \& Marks},
  edition   = {2}
}

@book{cwtexWu2005,
  title     = {cwTEX排版系統},
  author    = {吳聰敏, 吳聰慧},
  year      = {2005},
  edition   = {3},
  publisher = {翰蘆圖書}
}